<record xmlns="http://www.loc.gov/MARC21/slim" xmlns:xsi="http://www.w3.org/2001/XMLSchema-instance" xsi:schemaLocation="http://www.loc.gov/MARC21/slim http://www.loc.gov/standards/marcxml/schema/MARC21slim.xsd"><leader>01100cz   2200253n  4500</leader><controlfield tag="001">oca00600853 </controlfield><controlfield tag="005">20031016052514.0</controlfield><controlfield tag="008">811023n| acannaabn          |a aaa      </controlfield><datafield ind1=" " ind2=" " tag="010"><subfield code="a">n  81055375 </subfield></datafield><datafield ind1=" " ind2=" " tag="040"><subfield code="a">DLC</subfield><subfield code="c">DLC</subfield><subfield code="d">DLC</subfield><subfield code="d">InU</subfield></datafield><datafield ind1="0" ind2=" " tag="100"><subfield code="a">Synesius,</subfield><subfield code="c">of Cyrene, Bishop of Ptolemais.</subfield></datafield><datafield ind1="0" ind2=" " tag="400"><subfield code="a">Synesius Cyrenaeus,</subfield><subfield code="c">Bp. of Ptolemais</subfield><subfield code="w">nnaa</subfield></datafield><datafield ind1="0" ind2=" " tag="400"><subfield code="a">Synesios,</subfield><subfield code="c">von Kyrene, Bishop of Ptolemais</subfield></datafield><datafield ind1="1" ind2=" " tag="400"><subfield code="a">Cyrene, Synesius of,</subfield><subfield code="c">Bishop of Ptolemais</subfield></datafield><datafield ind1="0" ind2=" " tag="400"><subfield code="a">Synesios,</subfield><subfield code="c">ho KyreÌ&#x84;naios, Bishop of Ptolemais</subfield></datafield><datafield ind1="0" ind2=" " tag="400"><subfield code="a">SuÌ&#x84;nisiyuÌ&#x84;s al-QuÌ&#x84;riÌ&#x84;naÌ&#x84;Ê¼iÌ&#x84;,</subfield><subfield code="c">Bishop of Ptolemais</subfield></datafield><datafield ind1="1" ind2=" " tag="400"><subfield code="a">QuÌ&#x84;riÌ&#x84;naÌ&#x84;Ê¼iÌ&#x84;, SuÌ&#x84;nisiyuÌ&#x84;s,</subfield><subfield code="c">Bishop of Ptolemais</subfield></datafield><datafield ind1="0" ind2=" " tag="400"><subfield code="a">Sinesio,</subfield><subfield code="c">di Cirene, Bishop of Ptolemais</subfield></datafield><datafield ind1="0" ind2=" " tag="400"><subfield code="a">SyneÌ&#x81;sios,</subfield><subfield code="c">de CyreÌ&#x80;ne, Bishop of Ptolemais</subfield></datafield><datafield ind1="0" ind2=" " tag="400"><subfield code="a">Synesius,</subfield><subfield code="c">Cyrenaeus, Bishop of Ptolemais</subfield></datafield><datafield ind1="0" ind2=" " tag="400"><subfield code="a">Synesios,</subfield><subfield code="c">KyreÌ&#x84;naios, Bishop of Ptolemais</subfield></datafield><datafield ind1="1" ind2=" " tag="400"><subfield code="a">SuÌ&#x84;nisiyuÌ&#x84;s,</subfield><subfield code="c">QuÌ&#x84;riÌ&#x84;naÌ&#x84;Ê¼iÌ&#x84;, Bishop of Ptolemais</subfield></datafield><datafield ind1=" " ind2=" " tag="670"><subfield code="a">Roques, D. SyneÌ&#x81;sios de CyreÌ&#x80;ne et la CyreÌ&#x81;naiÌ&#x88;que du Bas-Empire, 1987.</subfield></datafield><datafield ind1=" " ind2=" " tag="670"><subfield code="a">Synesiou KyreÌ&#x84;naiou hymnoi emmetroi, 1968.</subfield></datafield></record>